<?xml version="1.0" encoding="UTF-8"?>
<marcx:collection xmlns:marcx="info:lc/xmlns/marcxchange-v1"><marcx:record xmlns:marcx="info:lc/xmlns/marcxchange-v1" format="danMARC2" type="Bibliographic"><marcx:leader>00000n    2200000   4500</marcx:leader><marcx:datafield tag="001" ind1="0" ind2="0"><marcx:subfield code="a">5 195 933 7</marcx:subfield><marcx:subfield code="b">870970</marcx:subfield><marcx:subfield code="c">20151015102339</marcx:subfield><marcx:subfield code="d">20150923</marcx:subfield><marcx:subfield code="f">a</marcx:subfield></marcx:datafield><marcx:datafield tag="004" ind1="0" ind2="0"><marcx:subfield code="r">n</marcx:subfield><marcx:subfield code="a">e</marcx:subfield></marcx:datafield><marcx:datafield tag="008" ind1="0" ind2="0"><marcx:subfield code="t">m</marcx:subfield><marcx:subfield code="u">f</marcx:subfield><marcx:subfield code="a">2015</marcx:subfield><marcx:subfield code="b">dk</marcx:subfield><marcx:subfield code="d">m</marcx:subfield><marcx:subfield code="d">y</marcx:subfield><marcx:subfield code="l">dan</marcx:subfield><marcx:subfield code="x">05</marcx:subfield><marcx:subfield code="v">0</marcx:subfield></marcx:datafield><marcx:datafield tag="009" ind1="0" ind2="0"><marcx:subfield code="a">a</marcx:subfield><marcx:subfield code="g">xx</marcx:subfield></marcx:datafield><marcx:datafield tag="021" ind1="0" ind2="0"><marcx:subfield code="c">Hf.</marcx:subfield></marcx:datafield><marcx:datafield tag="032" ind1="0" ind2="0"><marcx:subfield code="x">ACC201539</marcx:subfield><marcx:subfield code="a">DBF201544</marcx:subfield></marcx:datafield><marcx:datafield tag="041" ind1="0" ind2="0"><marcx:subfield code="a">dan</marcx:subfield><marcx:subfield code="d">eng</marcx:subfield></marcx:datafield><marcx:datafield tag="100" ind1="0" ind2="0"><marcx:subfield code="0"/><marcx:subfield code="a">Søbjerg Nielsen</marcx:subfield><marcx:subfield code="h">Camilla</marcx:subfield><marcx:subfield code="4">aut</marcx:subfield></marcx:datafield><marcx:datafield tag="245" ind1="0" ind2="0"><marcx:subfield code="a">Et ¤skib er ude af drift</marcx:subfield><marcx:subfield code="c">forsikring og erstatning af ren økonomisk skade</marcx:subfield><marcx:subfield code="c">et bidrag til "first party insurance" som kompensationssystem (et retligt perspektiv)</marcx:subfield></marcx:datafield><marcx:datafield tag="260" ind1="0" ind2="0"><marcx:subfield code="a">Kbh.</marcx:subfield><marcx:subfield code="b">Det Juridiske Fakultet, Københavns Universitet</marcx:subfield><marcx:subfield code="c">[2015]</marcx:subfield></marcx:datafield><marcx:datafield tag="300" ind1="0" ind2="0"><marcx:subfield code="a">212 blade</marcx:subfield><marcx:subfield code="c">30 cm</marcx:subfield></marcx:datafield><marcx:datafield tag="506" ind1="0" ind2="0"><marcx:subfield code="a">Ph.d.-afhandling</marcx:subfield></marcx:datafield><marcx:datafield tag="508" ind1="0" ind2="0"><marcx:subfield code="a">Med resumé på engelsk</marcx:subfield></marcx:datafield><marcx:datafield tag="521" ind1="0" ind2="0"><marcx:subfield code="&amp;">REX</marcx:subfield><marcx:subfield code="b">1. oplag</marcx:subfield><marcx:subfield code="c">[2015]</marcx:subfield></marcx:datafield><marcx:datafield tag="532" ind1="0" ind2="0"><marcx:subfield code="&amp;">1</marcx:subfield><marcx:subfield code="a">Med litteraturhenvisninger</marcx:subfield></marcx:datafield><marcx:datafield tag="652" ind1="0" ind2="0"><marcx:subfield code="m">34.535</marcx:subfield></marcx:datafield><marcx:datafield tag="900" ind1="0" ind2="0"><marcx:subfield code="0"/><marcx:subfield code="a">Nielsen</marcx:subfield><marcx:subfield code="h">Camilla Søbjerg</marcx:subfield><marcx:subfield code="z">100</marcx:subfield></marcx:datafield><marcx:datafield tag="d08" ind1="0" ind2="0"><marcx:subfield code="o">hni</marcx:subfield><marcx:subfield code="o">hlt</marcx:subfield><marcx:subfield code="k">jaw</marcx:subfield></marcx:datafield><marcx:datafield tag="d09" ind1="0" ind2="0"><marcx:subfield code="z">REX201544</marcx:subfield></marcx:datafield><marcx:datafield tag="n55" ind1="0" ind2="0"><marcx:subfield code="a">20150923</marcx:subfield></marcx:datafield><marcx:datafield tag="n55" ind1="0" ind2="0"><marcx:subfield code="a">20150923</marcx:subfield></marcx:datafield><marcx:datafield tag="s10" ind1="0" ind2="0"><marcx:subfield code="a">DBC</marcx:subfield></marcx:datafield><marcx:datafield tag="s12" ind1="0" ind2="0"><marcx:subfield code="t">TeamMUS201542</marcx:subfield></marcx:datafield><marcx:datafield tag="z98" ind1="0" ind2="0"><marcx:subfield code="a">Minus korrekturprint</marcx:subfield></marcx:datafield><marcx:datafield tag="z99" ind1="0" ind2="0"><marcx:subfield code="a">hlt</marcx:subfield></marcx:datafield></marcx:record></marcx:collection>